<?xml version="1.0" encoding="utf-8"?>
<record xmlns="http://www.loc.gov/MARC21/slim" xmlns:xsi="http://www.w3.org/2001/XMLSchema-instance" xsi:schemaLocation="http://www.loc.gov/MARC21/slim http://www.loc.gov/standards/marcxml/schema/MARC21slim.xsd">
	<leader>     nam a22        4500</leader>
	<controlfield tag="001">3122145</controlfield>
	<controlfield tag="003">NNC</controlfield>
	<controlfield tag="006">m        d        </controlfield>
	<controlfield tag="007">cr cn |||m|||a</controlfield>
	<controlfield tag="008">160323m18861888ua      o     000 0 arard</controlfield>
	<datafield ind1=" " ind2=" " tag="040">
		<subfield code="a">NNU</subfield>
		<subfield code="b">eng</subfield>
		<subfield code="e">rda</subfield>
		<subfield code="c">NNU</subfield>
	</datafield>
	<datafield ind1=" " ind2="4" tag="050">
		<subfield code="a">BP135.A128</subfield>
		<subfield code="b">Q13</subfield>
	</datafield>
	<datafield ind1="1" ind2=" " tag="100">
		<subfield code="6">880-01</subfield>
		<subfield code="a">Qasṭallānī, Aḥmad ibn Muḥammad,</subfield>
		<subfield code="d">1447 or 1448-1517 or 1518.</subfield>
	</datafield>
	<datafield ind1="1" ind2="0" tag="245">
		<subfield code="6">880-02</subfield>
		<subfield code="a">Irshād al-sārī ilá sharḥ al-Bukhārī :</subfield>
		<subfield code="b">wa-bi-hāmishihi Matn Ṣaḥīḥ al-Imām Muslim wa-sharḥ al-Imām al-Nawawī ʻalayhi.</subfield>
	</datafield>
	<datafield ind1=" " ind2=" " tag="250">
		<subfield code="6">880-03</subfield>
		<subfield code="a">Ṭabʻah 6.</subfield>
	</datafield>
	<datafield ind1=" " ind2=" " tag="260">
		<subfield code="6">880-04</subfield>
		<subfield code="a">Būlāq :</subfield>
		<subfield code="b">al-Maṭbaʻah al-Kubrá al-Amīrīyah,</subfield>
		<subfield code="c">1304-1306 [1886 or 7-1888]</subfield>
	</datafield>
	<datafield ind1=" " ind2=" " tag="300">
		<subfield code="a">online resource (10 volumes)</subfield>
	</datafield>
	<datafield ind1=" " ind2=" " tag="336">
		<subfield code="a">text</subfield>
		<subfield code="2">rdacontent</subfield>
	</datafield>
	<datafield ind1=" " ind2=" " tag="337">
		<subfield code="a">computer</subfield>
		<subfield code="2">rdamedia</subfield>
	</datafield>
	<datafield ind1=" " ind2=" " tag="338">
		<subfield code="a">online resource</subfield>
		<subfield code="2">rdacarrier</subfield>
	</datafield>
	<datafield ind1=" " ind2=" " tag="500">
		<subfield code="a">Part of the Arabic Collections Online (ACO) project, contributed by Columbia University Libraries.</subfield>
	</datafield>
	<datafield ind1=" " ind2=" " tag="533">
		<subfield code="a">Electronic reproduction.</subfield>
		<subfield code="b">New York, N.Y. :</subfield>
		<subfield code="c">New York University,</subfield>
		<subfield code="d">2016.</subfield>
		<subfield code="5">NNU</subfield>
	</datafield>
	<datafield ind1="1" ind2="0" tag="600">
		<subfield code="6">880-05</subfield>
		<subfield code="a">Bukhārī, Muḥammad ibn Ismāʻīl,</subfield>
		<subfield code="d">810-870.</subfield>
		<subfield code="t">Jāmiʻ al-ṣaḥīḥ.</subfield>
	</datafield>
	<datafield ind1=" " ind2="0" tag="650">
		<subfield code="a">Hadith</subfield>
		<subfield code="v">Early works to 1800.</subfield>
	</datafield>
	<datafield ind1="0" ind2="7" tag="630">
		<subfield code="a">Jāmiʻ al-ṣaḥīḥ (Bukhārī, Muḥammad ibn Ismāʻīl)</subfield>
		<subfield code="2">fast</subfield>
		<subfield code="0">(OCoLC)fst01362378</subfield>
	</datafield>
	<datafield ind1=" " ind2="7" tag="650">
		<subfield code="a">Hadith.</subfield>
		<subfield code="2">fast</subfield>
		<subfield code="0">(OCoLC)fst00950112</subfield>
	</datafield>
	<datafield ind1=" " ind2="7" tag="655">
		<subfield code="a">Early works.</subfield>
		<subfield code="2">fast</subfield>
		<subfield code="0">(OCoLC)fst01411636</subfield>
	</datafield>
	<datafield ind1="0" ind2=" " tag="700">
		<subfield code="6">880-06</subfield>
		<subfield code="a">Muslim ibn al-Ḥajjāj al-Qushayrī,</subfield>
		<subfield code="d">approximately 821-875.</subfield>
	</datafield>
	<datafield ind1="0" ind2=" " tag="700">
		<subfield code="6">880-07</subfield>
		<subfield code="a">Nawawī,</subfield>
		<subfield code="d">1233-1277.</subfield>
	</datafield>
	<datafield ind1="1" ind2=" " tag="700">
		<subfield code="6">880-08</subfield>
		<subfield code="a">Bukhārī, Muḥammad ibn Ismāʻīl,</subfield>
		<subfield code="d">810-870.</subfield>
		<subfield code="t">Jāmiʻ al-ṣaḥīḥ.</subfield>
	</datafield>
	<datafield ind1="2" ind2=" " tag="710">
		<subfield code="a">Columbia University.</subfield>
		<subfield code="b">Libraries.</subfield>
	</datafield>
	<datafield ind1="0" ind2=" " tag="730">
		<subfield code="a">Arabic Collections Online.</subfield>
	</datafield>
	<datafield ind1="0" ind2="8" tag="776">
		<subfield code="i">Online version:</subfield>
		<subfield code="a">Qasṭallānī, Aḥmad ibn Muḥammad, 1447 or 8-1517 or 18.</subfield>
		<subfield code="s">Irshād al-sārī ilá sharḥ al-Bukhārī.</subfield>
		<subfield code="t">Irshād al-sārī ilá sharḥ al-Bukhārī.</subfield>
		<subfield code="b">Ṭabʻah 6.</subfield>
		<subfield code="d">Būlāq : al-Maṭbaʻah al-Kubrá al-Amīrīyah, 1304-1306 [1886 or 7-1888]</subfield>
		<subfield code="w">(OCoLC)798504443</subfield>
	</datafield>
	<datafield ind1="0" ind2="8" tag="776">
		<subfield code="i">Print version:</subfield>
		<subfield code="a">Qasṭallānī, Aḥmad ibn Muḥammad, 1447 or 1448-1517 or 1518.</subfield>
		<subfield code="t">Irshād al-sārī ilá sharḥ al-Bukhārī</subfield>
		<subfield code="w">(NNC)3122145</subfield>
		<subfield code="w">(OCoLC)37137392</subfield>
	</datafield>
	<datafield ind1="4" ind2="0" tag="856">
		<subfield code="u">http://hdl.handle.net/2333.1/s1rn8sxd</subfield>
	</datafield>
	<datafield ind1="1" ind2=" " tag="880">
		<subfield code="6">100-01/r</subfield>
		<subfield code="a">قسطلاني، احمد بن محمد،,</subfield>
		<subfield code="d">1447 or 1448-1517 or 1518.</subfield>
	</datafield>
	<datafield ind1="1" ind2="0" tag="880">
		<subfield code="6">245-02/r</subfield>
		<subfield code="a">ارشاد الساري الى شرح البخاري :</subfield>
		<subfield code="b">وبهامشه متن صحيح الامام مسل وشرح الامام النووي عليه.</subfield>
	</datafield>
	<datafield ind1=" " ind2=" " tag="880">
		<subfield code="6">250-03/r</subfield>
		<subfield code="a">طبعة 6.</subfield>
	</datafield>
	<datafield ind1=" " ind2=" " tag="880">
		<subfield code="6">260-04/r</subfield>
		<subfield code="a">بولاق :</subfield>
		<subfield code="b">المطبعة الكبرى الاميرية،</subfield>
		<subfield code="c">1305-1306 [1886 or 7-1888]</subfield>
	</datafield>
	<datafield ind1="1" ind2="4" tag="880">
		<subfield code="6">600-05/r</subfield>
		<subfield code="a">بخاري، محمد بن اسماعيل،,</subfield>
		<subfield code="d">810-870.</subfield>
		<subfield code="t">جامع الصحيح.</subfield>
	</datafield>
	<datafield ind1="0" ind2=" " tag="880">
		<subfield code="6">700-06/r</subfield>
		<subfield code="a">مسلم بن الحجاج القشيري،,</subfield>
		<subfield code="d">approximately 821-875.</subfield>
	</datafield>
	<datafield ind1="0" ind2=" " tag="880">
		<subfield code="6">700-07/r</subfield>
		<subfield code="a">نووي،,</subfield>
		<subfield code="d">1233-1277.</subfield>
	</datafield>
	<datafield ind1="1" ind2=" " tag="880">
		<subfield code="6">700-08/r</subfield>
		<subfield code="a">بخاري، محمد بن اسماعيل،,</subfield>
		<subfield code="d">810-870.</subfield>
		<subfield code="t">جامع الصحيح.</subfield>
	</datafield>
	<datafield ind1=" " ind2=" " tag="959">
		<subfield code="a">NNU</subfield>
		<subfield code="b">WEB</subfield>
		<subfield code="c">GENI</subfield>
		<subfield code="t">0</subfield>
		<subfield code="m">Electronic access</subfield>
		<subfield code="s">01</subfield>
	</datafield>
	<datafield ind1=" " ind2=" " tag="999">
		<subfield code="i">NNC_3122145</subfield>
		<subfield code="o">(OCoLC)ocm37137392 </subfield>
		<subfield code="s">columbia_aco001791:v.1</subfield>
		<subfield code="s">columbia_aco001800:v.10</subfield>
		<subfield code="s">columbia_aco001792:v.2</subfield>
		<subfield code="s">columbia_aco001793:v.3</subfield>
		<subfield code="s">columbia_aco001794:v.4</subfield>
		<subfield code="s">columbia_aco001795:v.5</subfield>
		<subfield code="s">columbia_aco001796:v.6</subfield>
		<subfield code="s">columbia_aco001797:v.7</subfield>
		<subfield code="s">columbia_aco001798:v.8</subfield>
		<subfield code="s">columbia_aco001799:v.9</subfield>
	</datafield>
</record>
